<collection xmlns="http://www.loc.gov/MARC21/slim">
<record>
  <leader>01828nam0a22003371i 450 </leader>
  <controlfield tag="001">IT\ICCU\CNCE\026392</controlfield>
  <controlfield tag="005">20190503000000.0</controlfield>
  <datafield tag="012" ind1=" " ind2=" ">
    <subfield code="a">tii- cipo r-he sed ̣(C) 1571 (A)</subfield>
    <subfield code="2">fei</subfield>
  </datafield>
  <datafield tag="100" ind1=" " ind2=" ">
    <subfield code="a">19971015d1571        0itac0103    ba</subfield>
  </datafield>
  <datafield tag="101" ind1=" " ind2=" ">
    <subfield code="a">ITA</subfield>
  </datafield>
  <datafield tag="102" ind1=" " ind2=" ">
    <subfield code="a">IT</subfield>
  </datafield>
  <datafield tag="200" ind1="1" ind2=" ">
    <subfield code="a">℗L&apos;℗Hortensio, comedia de gl&apos;Academici Intronati. Rappresentata in Siena alla presenza del sereniss. Gran Duca di Toscan</subfield>
  </datafield>
  <datafield tag="210" ind1=" " ind2=" ">
    <subfield code="a">In Siena</subfield>
    <subfield code="c">per Luca Bonetti stampatore dell&apos;eccell. Collegio de signori dottori legisti</subfield>
    <subfield code="d">1571</subfield>
    <subfield code="e">\Siena!</subfield>
    <subfield code="g">\Luca Bonetti!</subfield>
  </datafield>
  <datafield tag="215" ind1=" " ind2=" ">
    <subfield code="a">180 \i.e. 172!, \4! p.</subfield>
    <subfield code="d">8ʻ</subfield>
  </datafield>
  <datafield tag="620" ind1=" " ind2=" ">
    <subfield code="a">IT</subfield>
    <subfield code="d">Siena</subfield>
  </datafield>
  <datafield tag="700" ind1=" " ind2="1">
    <subfield code="a">Piccolomini,</subfield>
    <subfield code="b">Alessandro</subfield>
    <subfield code="3">IT\ICCU\CNCA\000069</subfield>
  </datafield>
  <datafield tag="712" ind1="0" ind2="2">
    <subfield code="a">Accademia degli Intronati</subfield>
    <subfield code="c"> &lt;Siena&gt;</subfield>
    <subfield code="3">IT\ICCU\CNCT\000407</subfield>
  </datafield>
  <datafield tag="712" ind1="0" ind2="0">
    <subfield code="a">Bonetti, Luca</subfield>
    <subfield code="3">IT\ICCU\CNCT\000623</subfield>
    <subfield code="4">650</subfield>
  </datafield>
  <datafield tag="790" ind1=" " ind2="0">
    <subfield code="a">Stordito Intronato</subfield>
    <subfield code="3">IT\ICCU\CNCA\014818</subfield>
    <subfield code="z">Piccolomini, Alessandro</subfield>
  </datafield>
  <datafield tag="791" ind1="0" ind2="0">
    <subfield code="a">Bonettus, Lucas</subfield>
    <subfield code="3">IT\ICCU\CNCT\004717</subfield>
    <subfield code="z">Bonetti, Luca</subfield>
  </datafield>
  <datafield tag="791" ind1="0" ind2="2">
    <subfield code="a">Stamperia del Bonetto</subfield>
    <subfield code="3">IT\ICCU\CNCT\004718</subfield>
    <subfield code="z">Bonetti, Luca</subfield>
  </datafield>
  <datafield tag="801" ind1=" " ind2="3">
    <subfield code="a">IT</subfield>
    <subfield code="b">ICCU</subfield>
    <subfield code="c">20201114</subfield>
  </datafield>
  <datafield tag="899" ind1=" " ind2=" ">
    <subfield code="a">Biblioteca umanistica. Sede di Lettere. Firenze</subfield>
    <subfield code="1">FI0211</subfield>
    <subfield code="2">UFI LT</subfield>
  </datafield>
  <datafield tag="899" ind1=" " ind2=" ">
    <subfield code="a">Biblioteca Livia Simoni. Museo teatrale alla Scala. Milano</subfield>
    <subfield code="1">MI0169</subfield>
    <subfield code="2">ZMI 16</subfield>
  </datafield>
  <datafield tag="899" ind1=" " ind2=" ">
    <subfield code="a">Biblioteca comunale degli Intronati. Siena</subfield>
    <subfield code="z">MUTILO</subfield>
    <subfield code="1">SI0046</subfield>
    <subfield code="2">RT1 QI</subfield>
  </datafield>
  <datafield tag="899" ind1=" " ind2=" ">
    <subfield code="a">Collezione privata Tiezzi Mazzoni Della Stella Maestri. Torrita di Siena</subfield>
    <subfield code="1">SI0161</subfield>
    <subfield code="2">ZSI 14</subfield>
  </datafield>
  <datafield tag="899" ind1=" " ind2=" ">
    <subfield code="a">Nuova biblioteca pubblica Luigi Fumi. Orvieto</subfield>
    <subfield code="1">TR0022</subfield>
    <subfield code="2">UM1 06</subfield>
  </datafield>
  <datafield tag="899" ind1=" " ind2=" ">
    <subfield code="a">British Library. London</subfield>
    <subfield code="1">UK0001</subfield>
  </datafield>
  <datafield tag="899" ind1=" " ind2=" ">
    <subfield code="a">Biblioteca nazionale Marciana. Venezia</subfield>
    <subfield code="1">VE0049</subfield>
    <subfield code="2">VEA BM</subfield>
  </datafield>
  <datafield tag="911" ind1=" " ind2=" ">
    <subfield code="a">In fine</subfield>
    <subfield code="9">IT\ICCU\CNCM\001383</subfield>
  </datafield>
  <datafield tag="921" ind1=" " ind2=" ">
    <subfield code="a">IT\ICCU\CNCM\001383</subfield>
    <subfield code="b">Lupa che allatta i gemelli. In cornice</subfield>
    <subfield code="c">U330</subfield>
    <subfield code="d">Dimensioni: 6,5 x 4,8</subfield>
    <subfield code="f">LUPA</subfield>
    <subfield code="f">GEMELLI</subfield>
    <subfield code="g">1571-1583</subfield>
  </datafield>
</record>
</collection>
